<?xml version="1.0" encoding="UTF-8"?><record xmlns="http://www.loc.gov/MARC21/slim" xmlns:cinclude="http://apache.org/cocoon/include/1.0" xmlns:zs="http://www.loc.gov/zing/srw/">
  <leader>00490cz  a2200145n  4500</leader>
  <controlfield tag="001">n  88630118 </controlfield>
  <controlfield tag="003">DLC</controlfield>
  <controlfield tag="005">20080301080122.0</controlfield>
  <controlfield tag="008">880422n| acannaabn          |n aaa      </controlfield>
  <datafield tag="010" ind1=" " ind2=" ">
    <subfield code="a">n  88630118 </subfield>
  </datafield>
  <datafield tag="035" ind1=" " ind2=" ">
    <subfield code="a">(OCoLC)oca02257831</subfield>
  </datafield>
  <datafield tag="040" ind1=" " ind2=" ">
    <subfield code="a">DLC</subfield>
    <subfield code="b">eng</subfield>
    <subfield code="c">DLC</subfield>
    <subfield code="d">DLC</subfield>
    <subfield code="d">OCoLC</subfield>
  </datafield>
  <datafield tag="100" ind1="1" ind2=" ">
    <subfield code="a">Paoletti, Paolo</subfield>
  </datafield>
  <datafield tag="670" ind1=" " ind2=" ">
    <subfield code="a">nuc88-46542: His Firenze, 1985?</subfield>
    <subfield code="b">(hdg. on CSt rept.: Paoletti, Paolo; usage: Paolo Paoletti)</subfield>
  </datafield>
  <datafield tag="670" ind1=" " ind2=" ">
    <subfield code="a">His Il Ponte a Santa TrinitaĚ, 1987:</subfield>
    <subfield code="b">t.p. (Paolo Paoletti) flap (historian)</subfield>
  </datafield>
</record>